@article{lublin2014defining,
	title={Defining the clinical course of multiple sclerosis The 2013 revisions},
	author={Lublin, Fred D and Reingold, Stephen C and Cohen, Jeffrey A and Cutter, Gary R and S{\o}rensen, Per Soelberg and Thompson, Alan J and Wolinsky, Jerry S and Balcer, Laura J and Banwell, Brenda and Barkhof, Frederik and others},
	journal={Neurology},
	volume={83},
	number={3},
	pages={278--286},
	year={2014},
	publisher={AAN Enterprises}
}

@article{tamura2014wearable,
	title={Wearable photoplethysmographic sensors—past and present},
	author={Tamura, Toshiyo and Maeda, Yuka and Sekine, Masaki and Yoshida, Masaki},
	journal={Electronics},
	volume={3},
	number={2},
	pages={282--302},
	year={2014},
	publisher={Multidisciplinary Digital Publishing Institute}
}

@article{kooiman2015reliability,
	title={Reliability and validity of ten consumer activity trackers},
	author={Kooiman, Thea JM and Dontje, Manon L and Sprenger, Siska R and Krijnen, Wim P and van der Schans, Cees P and de Groot, Martijn},
	journal={BMC sports science, medicine and rehabilitation},
	volume={7},
	number={1},
	pages={1},
	year={2015},
	publisher={BioMed Central}
}

@misc{trochim2006types,
	title={Types of reliability},
	author={Trochim, William MK},
	year={2006},
	publisher={Research Methods of Knowledge}
}

@article{koch1982intraclass,
	title={Intraclass correlation coefficient},
	author={Koch, Gary G},
	journal={Encyclopedia of statistical sciences},
	year={1982},
	publisher={Wiley Online Library}
}

@article{bassett2012calibration,
	title={Calibration and validation of wearable monitors},
	author={Bassett Jr, David R and Rowlands, Ann V and Trost, Stewart G},
	journal={Medicine and science in sports and exercise},
	volume={44},
	number={1 Suppl 1},
	pages={S32},
	year={2012},
	publisher={NIH Public Access}
}

@article{chen2012re,
	title={Re-defining the roles of sensors in objective physical activity monitoring},
	author={Chen, Kong Y and Janz, Kathleen F and Zhu, Weimo and Brychta, Robert J},
	journal={Medicine and science in sports and exercise},
	volume={44},
	number={1 Suppl 1},
	pages={S13},
	year={2012},
	publisher={NIH Public Access}
}

@article{butte2012assessing,
	title={Assessing physical activity using wearable monitors: measures of physical activity},
	author={Butte, Nancy F and Ekelund, Ulf and Westerterp, Klaas R},
	journal={Med Sci Sports Exerc},
	volume={44},
	number={1 Suppl 1},
	pages={S5--12},
	year={2012},
	publisher={Citeseer}
}

@article{freedson2012assessment,
	title={Assessment of physical activity using wearable monitors: recommendations for monitor calibration and use in the field},
	author={Freedson, Patty and Bowles, Heather R and Troiano, Richard and Haskell, William},
	journal={Medicine and science in sports and exercise},
	volume={44},
	number={1 Suppl 1},
	pages={S1},
	year={2012},
	publisher={NIH Public Access}
}

@article{evenson2015systematic,
	title={Systematic review of the validity and reliability of consumer-wearable activity trackers},
	author={Evenson, Kelly R and Goto, Michelle M and Furberg, Robert D},
	journal={International Journal of Behavioral Nutrition and Physical Activity},
	volume={12},
	number={1},
	pages={1--22},
	year={2015},
	publisher={Springer}
}

@mastersthesis{lee2013validity,
	title={Validity of consumer-based physical activity monitors and calibration of smartphone for prediction of physical activity energy expenditure},
	author={Lee, Jung-Min},
	year={2013},
	school={Iowa State University}
}

@article{reunanen2000heart,
	title={Heart rate and mortality},
	author={Reunanen, A and Karjalainen, J and Ristola, P and Heli{\"o}vaara, M and Knekt, P and Aromaa, A},
	journal={Journal of internal medicine},
	volume={247},
	number={2},
	pages={231--239},
	year={2000},
	publisher={Wiley Online Library}
}

@article{benetos1999influence,
	title={Influence of heart rate on mortality in a French population role of age, gender, and blood pressure},
	author={Benetos, Athanase and Rudnichi, Annie and Thomas, Fr{\'e}d{\'e}rique and Safar, Michel and Guize, Louis},
	journal={Hypertension},
	volume={33},
	number={1},
	pages={44--52},
	year={1999},
	publisher={Am Heart Assoc}
}

@article{fujiura2001heart,
	title={Heart rate and mortality in a Japanese general population:: An 18-year follow-up study},
	author={Fujiura, Yoshihisa and Adachi, Hisashi and Tsuruta, Makoto and Jacobs, David R and Hirai, Yuji and Imaizumi, Tsutomu},
	journal={Journal of clinical epidemiology},
	volume={54},
	number={5},
	pages={495--500},
	year={2001},
	publisher={Elsevier}
}

@article{connelly2009clinical,
	title={Clinical utility of the 2-minute walk test for older adults living in long-term care},
	author={Connelly, DM and Thomas, BK and Cliffe, SJ and Perry, WM and Smith, RE},
	journal={Physiotherapy Canada},
	volume={61},
	number={2},
	pages={78--87},
	year={2009},
	publisher={University of Toronto Press}
}

@article{bohannon2015two,
	title={Two-minute walk test performance by adults 18 to 85 years: Normative values, reliability, and responsiveness},
	author={Bohannon, Richard W and Wang, Ying-Chih and Gershon, Richard C},
	journal={Archives of physical medicine and rehabilitation},
	volume={96},
	number={3},
	pages={472--477},
	year={2015},
	publisher={Elsevier}
}

@article{motl2008worsening,
	title={Worsening of symptoms is associated with lower physical activity levels in individuals with multiple sclerosis},
	author={Motl, RW and Arnett, PA and Smith, MM and Barwick, FH and Ahlstrom, B and Stover, EJ},
	journal={Multiple sclerosis},
	volume={14},
	number={1},
	pages={140--142},
	year={2008},
	publisher={Sage Publications}
}

@article{buljevac2003self,
	title={Self reported stressful life events and exacerbations in multiple sclerosis: prospective study},
	author={Buljevac, D and Hop, WCJ and Reedeker, W and Janssens, ACJW and Van Der Mech{\'e}, FGA and Van Doorn, PA and Hintzen, RQ},
	journal={Bmj},
	volume={327},
	number={7416},
	pages={646},
	year={2003},
	publisher={British Medical Journal Publishing Group}
}

@inproceedings{bar2009geodetic,
	title={Geodetic Reference Antenna in Space (GRASP)—a mission to enhance space-based geodesy},
	author={Bar-Sever, Yoaz and Haines, Bruce and Bertiger, Willy and Desai, Shailen and Wu, Sien},
	booktitle={COSPAR colloquium: scientific and fundamental aspects of the Galileo program, Padua},
	year={2009}
}

@article{cunha1997association,
	title={Association between high heart rate and high arterial rigidity in normotensive and hypertensive subjects},
	author={Cunha, Roberto Sa and Pannier, Bruno and Benetos, Athanase and Sich{\'e}, Jean-Philippe and London, G{\'e}rard M and Mallion, Jean Michel and Safar, Michel E},
	journal={Journal of hypertension},
	volume={15},
	number={12},
	pages={1423--1430},
	year={1997},
	publisher={LWW}
}

@article{patel2011applying,
	title={Applying neural network analysis on heart rate variability data to assess driver fatigue},
	author={Patel, M and Lal, SKL and Kavanagh, Diarmuid and Rossiter, Peter},
	journal={Expert systems with Applications},
	volume={38},
	number={6},
	pages={7235--7242},
	year={2011},
	publisher={Elsevier}
}

@article{acharya2006heart,
	title={Heart rate variability: a review},
	author={Acharya, U Rajendra and Joseph, K Paul and Kannathal, Natarajan and Lim, Choo Min and Suri, Jasjit S},
	journal={Medical and biological engineering and computing},
	volume={44},
	number={12},
	pages={1031--1051},
	year={2006},
	publisher={Springer}
}

@article{task1996heart,
	title={Heart rate variability standards of measurement, physiological interpretation, and clinical use},
	author={Task Force of the European Society of Cardiology and others},
	journal={Eur Heart J},
	volume={17},
	pages={354--381},
	year={1996}
}

@article{thayer2012meta,
	title={A meta-analysis of heart rate variability and neuroimaging studies: implications for heart rate variability as a marker of stress and health},
	author={Thayer, Julian F and {\AA}hs, Fredrik and Fredrikson, Mats and Sollers, John J and Wager, Tor D},
	journal={Neuroscience \& Biobehavioral Reviews},
	volume={36},
	number={2},
	pages={747--756},
	year={2012},
	publisher={Elsevier}
}

@article{appelhans2006heart,
	title={Heart rate variability as an index of regulated emotional responding.},
	author={Appelhans, Bradley M and Luecken, Linda J},
	journal={Review of general psychology},
	volume={10},
	number={3},
	pages={229},
	year={2006},
	publisher={Educational Publishing Foundation}
}

@inproceedings{sharma2008frequency,
	title={Frequency based classification of activities using accelerometer data},
	author={Sharma, Annapuma and Purwar, Amit and Lee, Young-Dong and Lee, Young-Sook and Chung, Wan-Young},
	booktitle={Multisensor Fusion and Integration for Intelligent Systems, 2008. MFI 2008. IEEE International Conference on},
	pages={150--153},
	year={2008},
	organization={IEEE}
}

@article{karantonis2006implementation,
	title={Implementation of a real-time human movement classifier using a triaxial accelerometer for ambulatory monitoring},
	author={Karantonis, Dean M and Narayanan, Michael R and Mathie, Merryn and Lovell, Nigel H and Celler, Branko G},
	journal={Information Technology in Biomedicine, IEEE Transactions on},
	volume={10},
	number={1},
	pages={156--167},
	year={2006},
	publisher={IEEE}
}

@article{howarth1984multidimensional,
	title={A multidimensional approach to the relationship between mood and weather},
	author={Howarth, Edgar and Hoffman, Michael S},
	journal={British Journal of Psychology},
	volume={75},
	number={1},
	pages={15--23},
	year={1984},
	publisher={Wiley Online Library}
}

@article{hines1998comprehensive,
	title={Comprehensive review of biorhythm theory},
	author={Hines, Terence M},
	journal={Psychological reports},
	volume={83},
	number={1},
	pages={19--64},
	year={1998},
	publisher={Ammons Scientific}
}

@article{tsoukalas2012origin,
	title={The origin of REM sleep: A hypothesis.},
	author={Tsoukalas, Ioannis},
	journal={Dreaming},
	volume={22},
	number={4},
	pages={253},
	year={2012},
	publisher={Educational Publishing Foundation}
}

@article{schulz2008rethinking,
	title={Rethinking sleep analysis},
	author={Schulz, Hartmut},
	journal={J Clin Sleep Med},
	volume={4},
	number={2},
	pages={99--103},
	year={2008}
}

@article{malberg2003cell,
	title={Cell proliferation in adult hippocampus is decreased by inescapable stress: reversal by fluoxetine treatment},
	author={Malberg, Jessica E and Duman, Ronald S},
	journal={Neuropsychopharmacology},
	volume={28},
	number={9},
	pages={1562--1571},
	year={2003}
}

@article{dranovsky2006hippocampal,
	title={Hippocampal neurogenesis: regulation by stress and antidepressants},
	author={Dranovsky, Alex and Hen, Ren{\'e}},
	journal={Biological psychiatry},
	volume={59},
	number={12},
	pages={1136--1143},
	year={2006},
	publisher={Elsevier}
}

@article{stangl2009impact,
	title={Impact of diet on adult hippocampal neurogenesis},
	author={Stangl, Doris and Thuret, Sandrine},
	journal={Genes \& nutrition},
	volume={4},
	number={4},
	pages={271--282},
	year={2009},
	publisher={Springer}
}

@misc{thuret2015grow,
	title = {You can grow new brain cells. Here's how},
	date = {2015},
	author = {Sandrine Thuret},
	howpublished  = "\url{http://www.ted.com/talks/sandrine_thuret_you_can_grow_new_brain_cells_here_s_how}",
	note = {Accessed: June 6, 2016}
}

@article{smithimpact,
	title={The impact of mastication on cognition: Evidence for intervention and the role of adult hippocampal neurogenesis},
	author={Smith, Natalie and Miquel-Kergoat, Sophie and Thuret, Sandrine},
	journal={Nutrition and Aging},
	number={Preprint},
	pages={1--10},
	publisher={IOS Press},
	year={2016},
	volume={3}
}


@phdthesis{jun2005smoothing,
	title={Smoothing methods designed to minimize the impact of GPS random error on travel distance, speed, and acceleration profile estimates},
	author={Jun, Jungwook},
	year={2005},
	school={Department of Civil Engineering, Clemson University}
}

@article{levy1997kalman,
	title={The Kalman filter: navigation's integration workhorse},
	author={Levy, Larry J},
	journal={GPS World},
	volume={8},
	number={9},
	pages={65--71},
	year={1997}
}

@mastersthesis{knufinke2012measurement,
	title={The measurement of arousal by the means of electrodermal activity during an actually performed balance beam routine and observational learning of the same routine},
	author={Knufinke, Melanie},
	year={2012},
	school={University of Twente}
}

@article{poh2010wearable,
	title={A wearable sensor for unobtrusive, long-term assessment of electrodermal activity},
	author={Poh, Ming-Zher and Swenson, Nicholas C and Picard, Rosalind W},
	journal={Biomedical Engineering, IEEE Transactions on},
	volume={57},
	number={5},
	pages={1243--1252},
	year={2010},
	publisher={IEEE}
}

@article{torrance2001visual,
	title={Visual Analog Scales Do They Have a Role in the Measurement of Preferences for Health States?},
	author={Torrance, George W and Feeny, David and Furlong, William},
	journal={Medical Decision Making},
	volume={21},
	number={4},
	pages={329--334},
	year={2001},
	publisher={SAGE Publications}
}

@techreport{samn1982estimating,
	title={Estimating aircrew fatigue: a technique with application to airlift operations},
	author={Samn, Sherwood W and Perelli, Layne P},
	year={1982},
	institution={DTIC Document}
}

@article{hjortskov2004effect,
	title={The effect of mental stress on heart rate variability and blood pressure during computer work},
	author={Hjortskov, Nis and Riss{\'e}n, Dag and Blangsted, Anne Katrine and Fallentin, Nils and Lundberg, Ulf and S{\o}gaard, Karen},
	journal={European journal of applied physiology},
	volume={92},
	number={1-2},
	pages={84--89},
	year={2004},
	publisher={Springer}
}

@article{hall2004acute,
	title={Acute stress affects heart rate variability during sleep},
	author={Hall, Martica and Vasko, Raymond and Buysse, Daniel and Ombao, Hernando and Chen, Qingxia and Cashmere, J David and Kupfer, David and Thayer, Julian F},
	journal={Psychosomatic medicine},
	volume={66},
	number={1},
	pages={56--62},
	year={2004},
	publisher={LWW}
}

@phdthesis{runia2015multiple,
	title={Multiple Sclerosis-Predicting The Next Attack},
	author={Runia, Tessel},
	year={2015},
	school={{Erasmus Universiteit Rotterdam}}
}

@article{selman2014reference,
	title={Reference equation for the 2-minute walk test in adults and the elderly},
	author={Selman, Jessyca PR and de Camargo, Anderson A and Santos, Jenifer and Lanza, Fernanda C and Dal Corso, Simone},
	journal={Respiratory care},
	volume={59},
	number={4},
	pages={525--530},
	year={2014},
	publisher={American Association for Respiratory Care}
}

@article{gijbels2010predicting,
	title={Predicting habitual walking performance in multiple sclerosis: relevance of capacity and self-report measures},
	author={Gijbels, Domien and Alders, Geert and Van Hoof, Elke and Charlier, Caroline and Roelants, Machteld and Broekmans, Tom and Op't Eijnde, Bert and Feys, Peter},
	journal={Multiple Sclerosis},
	year={2010},
	publisher={Sage Publications}
}

@article{totterdell1994associations,
	title={Associations of sleep with everyday mood, minor symptoms and social interaction experience.},
	author={Totterdell, Peter and Reynolds, Shirley and Parkinson, Brian and Briner, Rob B},
	journal={Sleep: Journal of Sleep Research \& Sleep Medicine},
	year={1994},
	publisher={American Academy of Sleep Medicine}
}

@article{wichniak2013sleep,
	title={Sleep as a biomarker for depression},
	author={Wichniak, Adam and Wierzbicka, Aleksandra and Jernajczyk, Wojciech},
	journal={International Review of Psychiatry},
	volume={25},
	number={5},
	pages={632--645},
	year={2013},
	publisher={Taylor \& Francis}
}

@article{jensen2013elevated,
	title={Elevated resting heart rate, physical fitness and all-cause mortality: a 16-year follow-up in the Copenhagen Male Study},
	author={Jensen, Magnus Thorsten and Suadicani, Poul and Hein, Hans Ole and Gyntelberg, Finn},
	journal={Heart},
	volume={99},
	number={12},
	pages={882--887},
	year={2013},
	publisher={BMJ Publishing Group Ltd and British Cardiovascular Society}
}

@article{bielekova2004development,
	title={Development of biomarkers in multiple sclerosis},
	author={Bielekova, Bibiana and Martin, Roland},
	journal={Brain},
	volume={127},
	number={7},
	pages={1463--1478},
	year={2004},
	publisher={Oxford Univ Press}
}

@article{katsavos2013biomarkers,
	title={Biomarkers in multiple sclerosis: an up-to-date overview},
	author={Katsavos, Serafeim and Anagnostouli, Maria},
	journal={Multiple sclerosis international},
	volume={2013},
	year={2013},
	publisher={Hindawi Publishing Corporation}
}

@article{benedict2005predicting,
	title={Predicting quality of life in multiple sclerosis: accounting for physical disability, fatigue, cognition, mood disorder, personality, and behavior change},
	author={Benedict, Ralph HB and Wahlig, Elizabeth and Bakshi, Rohit and Fishman, Inna and Munschauer, Frederick and Zivadinov, Robert and Weinstock-Guttman, Bianca},
	journal={Journal of the neurological sciences},
	volume={231},
	number={1},
	pages={29--34},
	year={2005},
	publisher={Elsevier}
}

@article{galea2013web,
	title={A Web-based tool for personalized prediction of long-term disease course in patients with multiple sclerosis},
	author={Galea, Ian and Lederer, Christian and Neuhaus, Anneke and Muraro, Paolo A and Scalfari, Antonia and Koch-Henriksen, Nils and Heesen, Christoph and Koepke, Sasha and Stellmann, P and Albrecht, Holger and others},
	journal={European Journal of Neurology},
	volume={20},
	number={7},
	pages={1107--1109},
	year={2013},
	publisher={Wiley Online Library}
}

@article{nogueira2013factors,
	title={Factors for lower walking speed in persons with multiple sclerosis},
	author={Nogueira, Leandro Alberto Calazans and dos Santos, Luciano Teixeira and Sabino, Pollyane Galinari and Alvarenga, Regina Maria Papais and Santos Thuler, Luiz Claudio},
	journal={Multiple sclerosis international},
	volume={2013},
	year={2013},
	publisher={Hindawi Publishing Corporation}
}

@article{krupp1988fatigue,
  title={Fatigue in multiple sclerosis},
  author={Krupp, Lauren B and Alvarez, Luis A and LaRocca, Nicholas G and Scheinberg, Labe C},
  journal={Archives of neurology},
  volume={45},
  number={4},
  pages={435--437},
  year={1988},
  publisher={American Medical Association}
}

@article{avis1995sudden,
  title={Sudden death in multiple sclerosis associated with sun exposure: a report of two cases},
  author={Avis, Simon P and Pryse-Phillips, William EM},
  journal={Canadian Journal of Neurological Sciences/Journal Canadien des Sciences Neurologiques},
  volume={22},
  number={04},
  pages={305--307},
  year={1995},
  publisher={Cambridge Univ Press}
}

@article{rehagen2015short,
  title={Short Sleep Duration: Effects on Nutrient Intake and Mood State},
  author={Rehagen, Allison and Harris, Stephanie and Cialdella-Kam, Lynn},
  journal={The FASEB Journal},
  volume={29},
  number={1 Supplement},
  pages={900--14},
  year={2015},
  publisher={FASEB}
}

@article{nayak2011choose,
  title={How to choose the right statistical test?},
  author={Nayak, Barun K and Hazra, Avijit and others},
  journal={Indian journal of ophthalmology},
  volume={59},
  number={2},
  pages={85},
  year={2011},
  publisher={Medknow}
}

@inproceedings{Arief_2009,
	doi = {10.1109/icici-bme.2009.5417286},
	url = {http://dx.doi.org/10.1109/ICICI-BME.2009.5417286},
	year = 2009,
	month = {nov},
	publisher = {Institute of Electrical {\&} Electronics Engineers ({IEEE})},
	author = {Zainal Arief and Djoko Purwanto and Dadet Pramadihanto and Tetsuo Sato and Kotaro Minato},
	title = {Relation between eye movement and fatigue: Classification of morning and afternoon measurement based on Fuzzy rule},
	booktitle = {International Conference on Instrumentation, Communication, Information Technology, and Biomedical Engineering 2009}
}

@article{pedregosa2011scikit,
	title={Scikit-learn: Machine learning in Python},
	author={Pedregosa, Fabian and Varoquaux, Ga{\"e}l and Gramfort, Alexandre and Michel, Vincent and Thirion, Bertrand and Grisel, Olivier and Blondel, Mathieu and Prettenhofer, Peter and Weiss, Ron and Dubourg, Vincent and others},
	journal={The Journal of Machine Learning Research},
	volume={12},
	pages={2825--2830},
	year={2011},
	publisher={JMLR. org}
}

@techreport{hp2015smartwatches,
	title = {{Internet of Things Security Study: Smartwatches}},
	author={{HP Fortify}},
	institution={{HP}},
	year={2015},
	}
	
@inproceedings{hietanen2005occupational,
	title={Occupational exposure related to radiofrequency fields from Wireless communication systems},
	booktitle = {{Proceedings. Union Radio-Scientifique International}},
	author={Hietanen, M and Alanko, T},
	year={2005}
}

@misc{who2014mobilephones,
	title= {{Electromagnetic fields and public health: mobile phones}},
	author={{World Health Organization (WHO)}},
	howpublished = "\url{http://www.who.int/mediacentre/factsheets/fs193/en/}",
	note = {Accessed: June 6, 2016}
}

@article{gijbels2011comparison,
	title={Comparison of the 2-and 6-minute walk test in multiple sclerosis},
	author={Gijbels, Domien and Eijnde, BO and Feys, Peter},
	journal={Multiple Sclerosis Journal},
	volume={17},
	number={10},
	pages={1269--1272},
	year={2011},
	publisher={Sage Publications}
}

@misc{msfatique,
	title = {{MS Fatigue}},
	author = {{National Multiple Sclerosis Society}},
	howpublished = "\url{http://www.nationalmssociety.org/Symptoms-Diagnosis/MS-Symptoms/Fatigue}",
	note = {Accessed: June 7, 2016}	
}

@misc{polysomnography,
	title = {Polysomnography},
	author = {{A.D.A.M. Medical Encyclopedia}},
	howpublished = "\url{https://www.nlm.nih.gov/medlineplus/ency/article/003932.htm}",
	note = {Accessed: June 7, 2016}	
}

@article{van2007vitamin,
	title={Vitamin D levels in people with multiple sclerosis and community controls in Tasmania, Australia},
	author={van der Mei, Ingrid AF and Ponsonby, A-L and Dwyer, Terry and Blizzard, Leigh and Taylor, Bruce V and Kilpatrick, Trevor and Butzkueven, Helmut and McMichael, AJ},
	journal={Journal of neurology},
	volume={254},
	number={5},
	pages={581--590},
	year={2007},
	publisher={Springer}
}

@misc{androidaccuracy,
	title = {Location},
	author = {{Google and Open Handset Alliance}},
	howpublished = "\url{http://developer.android.com/reference/android/location/Location.html}",
	note = {Accessed: June 7, 2016}
}

@misc{gpsweather,
	title = {{Do Weather Conditions Affect GPS Accuracy?}},
	author = {LandAirSea},
	howpublished = "\url{https://www.landairsea.com/gps-tracking-news/do-weather-conditions-affect-gps-accuracy}",
	note = {Accessed: June 7, 2016}
}

@misc{oneclasssvm,
	title = {{Novelty and Outlier Detection}},
	author = {{scikit-learn}},
	howpublished = "\url{http://scikit-learn.org/stable/modules/outlier_detection.html}",
	note = {Accessed: June 7, 2016}
}

@misc{kendalltauscipy,
	title = {scipy.stats.kendalltau},
	author = {SciPy},
	howpublished = "\url{http://docs.scipy.org/doc/scipy-0.17.0/reference/generated/scipy.stats.kendalltau.html}",
	note = {Accessed: June 11, 2016} 
}

@article{press1990savitzky,
	title={Savitzky-Golay Smoothing Filters},
	author={Press, William H and Teukolsky, Saul A},
	journal={Computers in Physics},
	volume={4},
	number={6},
	pages={669--672},
	year={1990},
	publisher={AIP Publishing}
}

@misc{weisstein2002great,
  title={Great circle},
  author={Weisstein, Eric W},
  year={2002},
  publisher={Wolfram Research, Inc.},
  howpublished = "\url{http://mathworld.wolfram.com/GreatCircle.html}",
 note = {Accessed: June 24, 2016} 
}

	